@article{osorio2017storage,
  title={Storage Balancing in P2P Based Distributed RDF Data Stores},
  author={Osorio, Maximiliano and Buil-Aranda, Carlos},
  year={2017}
}
@article{goble2010myexperiment,
  title={myExperiment: a repository and social network for the sharing of bioinformatics workflows},
  author={Goble, Carole A and Bhagat, Jiten and Aleksejevs, Sergejs and Cruickshank, Don and Michaelides, Danius and Newman, David and Borkum, Mark and Bechhofer, Sean and Roos, Marco and Li, Peter and others},
  journal={Nucleic acids research},
  volume={38},
  number={suppl\_2},
  pages={W677--W682},
  year={2010},
  publisher={Oxford University Press}
}
@article{bhagat2010biocatalogue,
  title={BioCatalogue: a universal catalogue of web services for the life sciences},
  author={Bhagat, Jiten and Tanoh, Franck and Nzuobontane, Eric and Laurent, Thomas and Orlowski, Jerzy and Roos, Marco and Wolstencroft, Katy and Aleksejevs, Sergejs and Stevens, Robert and Pettifer, Steve and others},
  journal={Nucleic acids research},
  volume={38},
  number={suppl\_2},
  pages={W689--W694},
  year={2010},
  publisher={Oxford University Press}
}



@article{kurtzer2017singularity,
  title={Singularity: Scientific containers for mobility of compute},
  author={Kurtzer, Gregory M and Sochat, Vanessa and Bauer, Michael W},
  journal={PloS one},
  volume={12},
  number={5},
  pages={e0177459},
  year={2017},
  publisher={Public Library of Science}
}


@article{baggerly2009deriving,
  title={Deriving chemosensitivity from cell lines: Forensic bioinformatics and reproducible research in high-throughput biology},
  author={Baggerly, Keith A and Coombes, Kevin R},
  journal={The Annals of Applied Statistics},
  pages={1309--1334},
  year={2009},
  publisher={JSTOR}
}


@article{open2015estimating,
  title={Estimating the reproducibility of psychological science},
  author={Open Science Collaboration and others},
  journal={Science},
  volume={349},
  number={6251},
  pages={aac4716},
  year={2015},
  publisher={American Association for the Advancement of Science}
}



@article{ioannidis2009repeatability,
  title={Repeatability of published microarray gene expression analyses},
  author={Ioannidis, John PA and Allison, David B and Ball, Catherine A and Coulibaly, Issa and Cui, Xiangqin and Culhane, Aed{\'\i}n C and Falchi, Mario and Furlanello, Cesare and Game, Laurence and Jurman, Giuseppe and others},
  journal={Nature genetics},
  volume={41},
  number={2},
  pages={149},
  year={2009},
  publisher={Nature Publishing Group}
}


@article{araya2018jovial,
  title={JOVIAL: Notebook-based astronomical data analysis in the cloud},
  author={Araya, M and Osorio, M and D{\'\i}az, M and Ponce, C and Villanueva, M and Valenzuela, C and Solar, M},
  journal={Astronomy and Computing},
  volume={25},
  pages={110--117},
  year={2018},
  publisher={Elsevier}
}

@incollection{diaz2018docker,
  title={Docker-based implementation for an astronomical data analysis cloud service},
  author={D{\'\i}az, M and Araya, M and Jauregui, C and Valenzuela, C and Pizarro, L and Osorio, M and Solar, M},
  booktitle={XXVII Astronomical Data Analysis Software \& Systems},
  pages={1--4},
  year={2018},
  publisher={ADASS}
}

@inproceedings{DBLP:conf/semweb/OsorioAV18,
  author    = {Maximiliano Osorio and
               Carlos Buil Aranda and
               Hern{\'{a}}n Vargas},
  title     = {Reproducibility of Computational Environments for Scientific Experiments
               using Container-based Virtualization},
  booktitle = {Proceedings of the Second Workshop on Enabling Open Semantic Science
               co-located with 17th International Semantic Web Conference, SemSci@ISWC
               2018, Monterey, California, USA, October 8-12th, 2018.},
  pages     = {43--51},
  year      = {2018},
  crossref  = {DBLP:conf/semweb/2018semsci},
  url       = {http://ceur-ws.org/Vol-2184/paper-05.pdf},
  timestamp = {Mon, 03 Sep 2018 18:27:53 +0200},
  biburl    = {https://dblp.org/rec/bib/conf/semweb/OsorioAV18},
  bibsource = {dblp computer science bibliography, https://dblp.org}
}


@inproceedings{DBLP:conf/semweb/OsorioAV18a,
  author    = {Maximiliano Osorio and
               Carlos Buil Aranda and
               Hern{\'{a}}n Vargas},
  title     = {DockerPedia: a Knowledge Graph of Docker Images},
  booktitle = {Proceedings of the {ISWC} 2018 Posters {\&} Demonstrations, Industry
               and Blue Sky Ideas Tracks co-located with 17th International Semantic
               Web Conference {(ISWC} 2018), Monterey, USA, October 8th - 12th,
               2018.},
  year      = {2018},
  crossref  = {DBLP:conf/semweb/2018p},
  url       = {http://ceur-ws.org/Vol-2180/paper-47.pdf},
  timestamp = {Thu, 11 Oct 2018 12:45:11 +0200},
  biburl    = {https://dblp.org/rec/bib/conf/semweb/OsorioAV18a},
  bibsource = {dblp computer science bibliography, https://dblp.org}
}
@article{berners1992world,
  title={The world-wide web},
  author={Berners-Lee, Tim J},
  journal={Computer Networks and ISDN Systems},
  volume={25},
  number={4},
  pages={454--459},
  year={1992},
  publisher={Elsevier}
}
@ARTICLE {marmolnetworking,
  title={Networking in containers and container clusters},
  author={Marmol, Victor and Jnagal, Rohit and Hockin, Tim},
  journal={Proceedings of netdev 0.1, February},
  year={2015}
}

@incollection{bikakis2013semantic,
  title={The XML and Semantic Web Worlds: Technologies, Interoperability and Integration. A survey of the State of the Art},
  author={Bikakis and Tsinaraki and Gioldasis and Stavrakantonakis and Christodoulakis},
  booktitle={Semantic Hyper/Multi-media Adaptation: Schemes and Applications},
  year={2013},
  publisher={Springer}
}
@ARTICLE {padala2007performance,
    author  = "Padala, Pradeep and Zhu, Xiaoyun and Wang, Zhikui and Singhal, Sharad and Shin, Kang G and others",
    title   = "Performance evaluation of virtualization technologies for server consolidation",
    journal = "HP Labs Tec. Report",
    year    = "2007"
}
@ARTICLE {bui2015analysis,
    author  = "Bui, Thanh",
    title   = "Analysis of Docker Security",
    journal = "arXiv preprint arXiv:1501.02967",
    year    = "2015"
}
@INPROCEEDINGS {regola2010recommendations,
    author       = "Regola, Nathan and Ducom, J-C",
    title        = "Recommendations for virtualization technologies in high performance computing",
    booktitle    = "Cloud Computing Technology and Science (CloudCom), 2010 IEEE Second International Conference on",
    year         = "2010",
    pages        = "409--416",
    organization = "IEEE"
}

@ARTICLE {merkel2014docker,
    author    = "Merkel, Dirk",
    title     = "Docker: lightweight linux containers for consistent development and deployment",
    journal   = "Linux Journal",
    year      = "2014",
    volume    = "2014",
    number    = "239",
    pages     = "2",
    publisher = "Belltown Media"
}

@ARTICLE {felter2014updated,
    author  = "Felter, Wes and Ferreira, Alexandre and Rajamony, Ram and Rubio, Juan",
    title   = "An Updated Performance Comparison of Virtual Machines and Linux Containers",
    journal = "technology",
    year    = "2014",
    volume  = "28",
    pages   = "32"
}



@proceedings{DBLP:conf/semweb/2018p,
  editor    = {Marieke van Erp and
               Medha Atre and
               Vanessa L{\'{o}}pez and
               Kavitha Srinivas and
               Carolina Fortuna},
  title     = {Proceedings of the {ISWC} 2018 Posters {\&} Demonstrations, Industry
               and Blue Sky Ideas Tracks co-located with 17th International Semantic
               Web Conference {(ISWC} 2018), Monterey, USA, October 8th - to - 12th,
               2018},
  series    = {{CEUR} Workshop Proceedings},
  volume    = {2180},
  publisher = {CEUR-WS.org},
  year      = {2018},
  url       = {http://ceur-ws.org/Vol-2180},
  urn       = {urn:nbn:de:0074-2180-3},
  timestamp = {Thu, 11 Oct 2018 11:18:37 +0200},
  biburl    = {https://dblp.org/rec/bib/conf/semweb/2018p},
  bibsource = {dblp computer science bibliography, https://dblp.org}
}

@inproceedings{DBLP:conf/semweb/OsorioA17,
  author    = {Maximiliano Osorio and
               Carlos Buil Aranda},
  title     = {Storage Balancing in {P2P} Based Distributed {RDF} Data Stores},
  booktitle = {Proceedings of the Workshop on Decentralizing the Semantic Web 2017
               co-located with 16th International Semantic Web Conference {(ISWC}
               2017)},
  year      = {2017},
  crossref  = {DBLP:conf/semweb/2017desemweb},
  url       = {http://ceur-ws.org/Vol-1934/contribution-04.pdf},
  timestamp = {Wed, 27 Sep 2017 10:53:42 +0200},
  biburl    = {https://dblp.org/rec/bib/conf/semweb/OsorioA17},
  bibsource = {dblp computer science bibliography, https://dblp.org}
}


@article{goecks2010galaxy,
  title={Galaxy: a comprehensive approach for supporting accessible, reproducible, and transparent computational research in the life sciences},
  author={Goecks, Jeremy and Nekrutenko, Anton and Taylor, James},
  journal={Genome biology},
  volume={11},
  number={8},
  pages={R86},
  year={2010},
  publisher={BioMed Central}
}

@inproceedings{DBLP:conf/eScience/FilgueiraKAKSS15,
  author    = {Rosa Filgueira and
               Amrey Krause and
               Malcolm P. Atkinson and
               Iraklis A. Klampanos and
               Alessandro Spinuso and
               Susana Sanchez{-}Exposito},
  title     = {dispel4py: An Agile Framework for Data-Intensive eScience},
  booktitle = {11th {IEEE} International Conference on e-Science, e-Science 2015,
               Munich, Germany, August 31 - September 4, 2015},
  pages     = {454--464},
  year      = {2015},
  crossref  = {DBLP:conf/eScience/2015},
  url       = {https://doi.org/10.1109/eScience.2015.40},
  doi       = {10.1109/eScience.2015.40},
  timestamp = {Wed, 17 May 2017 10:54:00 +0200},
  biburl    = {https://dblp.org/rec/bib/conf/eScience/FilgueiraKAKSS15},
  bibsource = {dblp computer science bibliography, https://dblp.org}
}

@proceedings{DBLP:conf/eScience/2015,
  title     = {11th {IEEE} International Conference on e-Science, e-Science 2015,
               Munich, Germany, August 31 - September 4, 2015},
  publisher = {{IEEE} Computer Society},
  year      = {2015},
  url       = {http://ieeexplore.ieee.org/xpl/mostRecentIssue.jsp?punumber=7303998},
  isbn      = {978-1-4673-9325-6},
  timestamp = {Fri, 29 Apr 2016 12:15:45 +0200},
  biburl    = {https://dblp.org/rec/bib/conf/eScience/2015},
  bibsource = {dblp computer science bibliography, https://dblp.org}
}



@article{DBLP:journals/expert/GilRKGGMD11,
  author    = {Yolanda Gil and
               Varun Ratnakar and
               Jihie Kim and
               Pedro A. Gonz{\'{a}}lez{-}Calero and
               Paul T. Groth and
               Joshua Moody and
               Ewa Deelman},
  title     = {Wings: Intelligent Workflow-Based Design of Computational Experiments},
  journal   = {{IEEE} Intelligent Systems},
  volume    = {26},
  number    = {1},
  pages     = {62--72},
  year      = {2011},
  url       = {https://doi.org/10.1109/MIS.2010.9},
  doi       = {10.1109/MIS.2010.9},
  timestamp = {Wed, 14 Nov 2018 10:49:56 +0100},
  biburl    = {https://dblp.org/rec/bib/journals/expert/GilRKGGMD11},
  bibsource = {dblp computer science bibliography, https://dblp.org}
}




@article{DBLP:journals/bioinformatics/OinnAFMSGCGPWL04,
  author    = {Thomas M. Oinn and
               Matthew Addis and
               Justin Ferris and
               Darren Marvin and
               Martin Senger and
               R. Mark Greenwood and
               Tim Carver and
               Kevin Glover and
               Matthew R. Pocock and
               Anil Wipat and
               Peter Li},
  title     = {Taverna: a tool for the composition and enactment of bioinformatics
               workflows},
  journal   = {Bioinformatics},
  volume    = {20},
  number    = {17},
  pages     = {3045--3054},
  year      = {2004},
  url       = {https://doi.org/10.1093/bioinformatics/bth361},
  doi       = {10.1093/bioinformatics/bth361},
  timestamp = {Wed, 14 Nov 2018 10:18:45 +0100},
  biburl    = {https://dblp.org/rec/bib/journals/bioinformatics/OinnAFMSGCGPWL04},
  bibsource = {dblp computer science bibliography, https://dblp.org}
}


@inproceedings{joshi2012soybean,
  title={Soybean Knowledge Base (SoyKB): a web resource for soybean translational genomics},
  author={Joshi, Trupti and Patil, Kapil and Fitzpatrick, Michael R and Franklin, Levi D and Yao, Qiuming and Cook, Jeffrey R and Wang, Zheng and Libault, Marc and Brechenmacher, Laurent and Valliyodan, Babu and others},
  booktitle={BMC genomics},
  volume={13},
  pages={S15},
  year={2012},
  organization={BioMed Central}
}
@article{aranguren2015enhanced,
  title={Enhanced reproducibility of SADI web service workflows with Galaxy and Docker},
  author={Aranguren, Mikel Ega{\~n}a and Wilkinson, Mark D},
  journal={GigaScience},
  volume={4},
  number={1},
  pages={59},
  year={2015},
  publisher={BioMed Central}
}

@article{Beaulieu2017,
  title={Reproducibility of computational workflows is automated using continuous analysis},
  author={Beaulieu-Jones, Brett K and Greene, Casey S},
  journal={Nature biotechnology},
  volume={35},
  number={4},
  pages={342},
  year={2017},
  publisher={Nature Publishing Group}
}


@article{Boettiger:2015:IDR:2723872.2723882,
 author = {Boettiger, Carl},
 title = {An Introduction to Docker for Reproducible Research},
 journal = {SIGOPS Oper. Syst. Rev.},
 issue_date = {January 2015},
 volume = {49},
 number = {1},
 month = jan,
 year = {2015},
 issn = {0163-5980},
 pages = {71--79},
 numpages = {9},
 url = {http://doi.acm.org/10.1145/2723872.2723882},
 doi = {10.1145/2723872.2723882},
 acmid = {2723882},
 publisher = {ACM},
 address = {New York, NY, USA},
} 


@article{DBLP:journals/bioinformatics/LeprevostGARUBV17,
  author    = {Felipe da Veiga Leprevost and
               Bj{\"{o}}rn A. Gr{\"{u}}ning and
               Saulo Aflitos and
               Hannes L. R{\"{o}}st and
               Julian Uszkoreit and
               Harald Barsnes and
               Marc Vaudel and
               Pablo Moreno and
               Laurent Gatto and
               Jonas Weber and
               Mingze Bai and
               Rafael C. Jimenez and
               Timo Sachsenberg and
               Julianus Pfeuffer and
               Roberto Vera Alvarez and
               Johannes Griss and
               Alexey I. Nesvizhskii and
               Yasset P{\'{e}}rez{-}Riverol},
  title     = {BioContainers: an open-source and community-driven framework for software
               standardization},
  journal   = {Bioinformatics},
  volume    = {33},
  number    = {16},
  pages     = {2580--2582},
  year      = {2017},
  url       = {https://doi.org/10.1093/bioinformatics/btx192},
  doi       = {10.1093/bioinformatics/btx192},
  timestamp = {Wed, 14 Nov 2018 10:18:22 +0100},
  biburl    = {https://dblp.org/rec/bib/journals/bioinformatics/LeprevostGARUBV17},
  bibsource = {dblp computer science bibliography, https://dblp.org}
}
@article{DBLP:journals/fgcs/DeelmanVJRCMMCS15,
  author    = {Ewa Deelman and
               Karan Vahi and
               Gideon Juve and
               Mats Rynge and
               Scott Callaghan and
               Philip Maechling and
               Rajiv Mayani and
               Weiwei Chen and
               Rafael Ferreira da Silva and
               Miron Livny and
               R. Kent Wenger},
  title     = {Pegasus, a workflow management system for science automation},
  journal   = {Future Generation Comp. Syst.},
  volume    = {46},
  pages     = {17--35},
  year      = {2015},
  url       = {https://doi.org/10.1016/j.future.2014.10.008},
  doi       = {10.1016/j.future.2014.10.008},
  timestamp = {Mon, 06 Aug 2018 16:59:55 +0200},
  biburl    = {https://dblp.org/rec/bib/journals/fgcs/DeelmanVJRCMMCS15},
  bibsource = {dblp computer science bibliography, https://dblp.org}
}




@inproceedings{DBLP:conf/tapp/ChirigatiSF13,
  author    = {Fernando Seabra Chirigati and
               Dennis E. Shasha and
               Juliana Freire},
  title     = {ReproZip: Using Provenance to Support Computational Reproducibility},
  booktitle = {5th Workshop on the Theory and Practice of Provenance, TaPP'13, Lombard,
               IL, USA, April 2-3, 2013},
  year      = {2013},
  crossref  = {DBLP:conf/tapp/2013},
  url       = {https://www.usenix.org/conference/tapp13/technical-sessions/presentation/chirigati},
  timestamp = {Wed, 04 Jul 2018 13:06:34 +0200},
  biburl    = {https://dblp.org/rec/bib/conf/tapp/ChirigatiSF13},
  bibsource = {dblp computer science bibliography, https://dblp.org}
}

@inproceedings{buncic2010cernvm,
  title={CernVM--a virtual software appliance for LHC applications},
  author={Buncic, Predrag and Sanchez, C Aguado and Blomer, Jakob and Franco, Leandro and Harutyunian, Artem and Mato, Pere and Yao, Yushu},
  booktitle={Journal of Physics: Conference Series},
  volume={219},
  pages={042003},
  year={2010},
  organization={IOP Publishing}
}


@inproceedings{DBLP:journals/procedia/BrammerCMW11,
  author    = {Grant R. Brammer and
               Ralph W. Crosby and
               Suzanne Matthews and
               Tiffani L. Williams},
  title     = {Paper M{\^{a}}ch{\'{e}}: Creating Dynamic Reproducible Science},
  booktitle = {Proceedings of the International Conference on Computational Science,
               {ICCS} 2011, Nanyang Technological University, Singapore, 1-3 June,
               2011},
  pages     = {658--667},
  year      = {2011},
  crossref  = {DBLP:conf/iccS/2011},
  url       = {https://doi.org/10.1016/j.procs.2011.04.069},
  doi       = {10.1016/j.procs.2011.04.069},
  timestamp = {Mon, 21 Aug 2017 16:43:25 +0200},
  biburl    = {https://dblp.org/rec/bib/journals/procedia/BrammerCMW11},
  bibsource = {dblp computer science bibliography, https://dblp.org}
}



@proceedings{DBLP:conf/iccS/2011,
  editor    = {Mitsuhisa Sato and
               Satoshi Matsuoka and
               Peter M. A. Sloot and
               G. Dick van Albada and
               Jack J. Dongarra},
  title     = {Proceedings of the International Conference on Computational Science,
               {ICCS} 2011, Nanyang Technological University, Singapore, 1-3 June,
               2011},
  series    = {Procedia Computer Science},
  volume    = {4},
  publisher = {Elsevier},
  year      = {2011},
  url       = {http://www.sciencedirect.com/science/journal/18770509/4},
  timestamp = {Mon, 21 Aug 2017 16:43:25 +0200},
  biburl    = {https://dblp.org/rec/bib/conf/iccS/2011},
  bibsource = {dblp computer science bibliography, https://dblp.org}
}



@inproceedings{DBLP:conf/eScience/ZhaoGBKGGHRRG12,
  author    = {Jun Zhao and
               Jos{\'{e}} Manu{\'{e}}l G{\'{o}}mez{-}P{\'{e}}rez and
               Khalid Belhajjame and
               Graham Klyne and
               Esteban Garc{\'{\i}}a{-}Cuesta and
               Aleix Garrido and
               Kristina M. Hettne and
               Marco Roos and
               David De Roure and
               Carole A. Goble},
  title     = {Why workflows break - Understanding and combating decay in Taverna
               workflows},
  booktitle = {8th {IEEE} International Conference on E-Science, e-Science 2012,
               Chicago, IL, USA, October 8-12, 2012},
  pages     = {1--9},
  year      = {2012},
  crossref  = {DBLP:conf/eScience/2012},
  url       = {https://doi.org/10.1109/eScience.2012.6404482},
  doi       = {10.1109/eScience.2012.6404482},
  timestamp = {Wed, 14 Nov 2018 10:55:30 +0100},
  biburl    = {https://dblp.org/rec/bib/conf/eScience/ZhaoGBKGGHRRG12},
  bibsource = {dblp computer science bibliography, https://dblp.org}
}

@proceedings{DBLP:conf/eScience/2012,
  title     = {8th {IEEE} International Conference on E-Science, e-Science 2012,
               Chicago, IL, USA, October 8-12, 2012},
  publisher = {{IEEE} Computer Society},
  year      = {2012},
  url       = {http://ieeexplore.ieee.org/xpl/mostRecentIssue.jsp?punumber=6389598},
  isbn      = {978-1-4673-4467-8},
  timestamp = {Thu, 06 Nov 2014 17:05:37 +0100},
  biburl    = {https://dblp.org/rec/bib/conf/eScience/2012},
  bibsource = {dblp computer science bibliography, https://dblp.org}
}


@inproceedings{DBLP:conf/ipres/MatthewsCWJBS09,
  author    = {Brian Matthews and
               Esther Conway and
               Jim Woodcock and
               Catherine Jones and
               Juan Bicarregui and
               Arif Shaon},
  title     = {Towards a Methodology for Software Preservation},
  booktitle = {Proceedings of the 6th International Conference on Digital Preservation,
               iPRES 2009, San Francisco, CA, USA, October 5-6, 2009},
  year      = {2009},
  crossref  = {DBLP:conf/ipres/2009},
  url       = {http://hdl.handle.net/11353/10.294040},
  timestamp = {Mon, 16 Oct 2017 16:12:57 +0200},
  biburl    = {https://dblp.org/rec/bib/conf/ipres/MatthewsCWJBS09},
  bibsource = {dblp computer science bibliography, https://dblp.org}
}

@proceedings{DBLP:conf/ipres/2009,
  title     = {Proceedings of the 6th International Conference on Digital Preservation,
               iPRES 2009, San Francisco, CA, USA, October 5-6, 2009},
  year      = {2009},
  url       = {https://hdl.handle.net/11353/10.294045},
  timestamp = {Mon, 16 Oct 2017 16:12:57 +0200},
  biburl    = {https://dblp.org/rec/bib/conf/ipres/2009},
  bibsource = {dblp computer science bibliography, https://dblp.org}
}


@article{osoriotowards,
  title={Towards reproducibility of computational environments for Scientific Experiments using Container-based virtualization.},
  author={Osorio, Maximiliano and Buil-Aranda, Carlos and Vargas, Hern{\'a}n}
}

@article{james2014standing,
  title={Standing together for reproducibility in large-scale computing: Report on reproducibility@ XSEDE},
  author={James, Doug and Wilkins-Diehr, Nancy and Stodden, Victoria and Colbry, Dirk and Rosales, Carlos and Fahey, Mark and Shi, Justin and Silva, Rafael F and Lee, Kyo and Roskies, Ralph and others},
  journal={arXiv preprint arXiv:1412.5557},
  year={2014}
}
@inproceedings{deelman2004pegasus,
  title={Pegasus: Mapping scientific workflows onto the grid},
  author={Deelman, Ewa and Blythe, James and Gil, Yolanda and Kesselman, Carl and Mehta, Gaurang and Patil, Sonal and Su, Mei-Hui and Vahi, Karan and Livny, Miron},
  booktitle={Grid Computing},
  pages={11--20},
  year={2004},
  organization={Springer}
}

@inproceedings{cito2016using,
  title={Using Docker containers to improve reproducibility in software and web engineering research},
  author={Cito, J{\"u}rgen and Ferme, Vincenzo and Gall, Harald C},
  booktitle={International Conference on Web Engineering},
  pages={609--612},
  year={2016},
  organization={Springer}
}

@article{hung2016guidock,
  title={GUIdock: using Docker containers with a common graphics user interface to address the reproducibility of research},
  author={Hung, Ling-Hong and Kristiyanto, Daniel and Lee, Sung Bong and Yeung, Ka Yee},
  journal={PloS one},
  volume={11},
  number={4},
  pages={e0152686},
  year={2016},
  publisher={Public Library of Science}
}
@article{di2015impact,
  title={The impact of Docker containers on the performance of genomic pipelines},
  author={Di Tommaso, Paolo and Palumbo, Emilio and Chatzou, Maria and Prieto, Pablo and Heuer, Michael L and Notredame, Cedric},
  journal={PeerJ},
  volume={3},
  pages={e1273},
  year={2015},
  publisher={PeerJ Inc.}
}
@inproceedings{diaz17adass,
  title =  {Docker-based Implementation for an Astronomical Data Analysis Cloud Service},
  author = {MatÃ­as D\'iaz and Mauricio Araya and Carlos Jauregui and Camilo Valenzuela and Leonardo Pizarro and Maximiliano Osorio
and Mauricio Solar},
  publisher =  {ADASS},
  year =   2018,
  booktitle =  {XXVII Astronomical Data Analysis Software \& Systems},
  location =   {Santiago, Chile},
    note = {[To appear]}
}
@article{stodden2010reproducible,
  title={Reproducible research: Addressing the need for data and code sharing in computational science},
  author={Stodden, Victoria C},
  journal={Computing in science \& engineering},
  volume={12},
  number={5},
  pages={8--12},
  year={2010}
}
@book{stodden2014implementing,
  title={Implementing reproducible research},
  author={Stodden, Victoria and Leisch, Friedrich and Peng, Roger D},
  year={2014},
  publisher={CRC Press}
}
@book{taylor2014workflows,
  title={Workflows for e-Science: scientific workflows for grids},
  author={Taylor, Ian J and Deelman, Ewa and Gannon, Dennis B and Shields, Matthew},
  year={2014},
  publisher={Springer Publishing Company, Incorporated}
}

@inproceedings{craddock2006science,
  title={E-science tools for the genomic scale characterisation of bacterial secreted proteins},
  author={Craddock, Tracy and Lord, Phillip and Harwood, Colin and Wipat, Anil},
  booktitle={All hands meeting},
  pages={788--795},
  year={2006}
}
@article{blankenberg2010galaxy,
  title={Galaxy: a web-based genome analysis tool for experimentalists},
  author={Blankenberg, Daniel and Kuster, Gregory Von and Coraor, Nathaniel and Ananda, Guruprasad and Lazarus, Ross and Mangan, Mary and Nekrutenko, Anton and Taylor, James},
  journal={Current protocols in molecular biology},
  pages={19--10},
  year={2010},
  publisher={Wiley Online Library}
}
@article{giardine2005galaxy,
  title={Galaxy: a platform for interactive large-scale genome analysis},
  author={Giardine, Belinda and Riemer, Cathy and Hardison, Ross C and Burhans, Richard and Elnitski, Laura and Shah, Prachi and Zhang, Yi and Blankenberg, Daniel and Albert, Istvan and Taylor, James and others},
  journal={Genome research},
  volume={15},
  number={10},
  pages={1451--1455},
  year={2005},
  publisher={Cold Spring Harbor Lab}
}


@article{king1995replication,
  title={Replication, replication},
  author={King, Gary},
  journal={PS: Political Science \& Politics},
  volume={28},
  number={3},
  pages={444--452},
  year={1995},
  publisher={Cambridge University Press}
}
@article{gavish2011universal,
  title={A universal identifier for computational results},
  author={Gavish, Matan and Donoho, David},
  journal={Procedia Computer Science},
  volume={4},
  pages={637--647},
  year={2011},
  publisher={Elsevier}
}

@article{mao2014read,
  title={Read-performance optimization for deduplication-based storage systems in the cloud},
  author={Mao, Bo and Jiang, Hong and Wu, Suzhen and Fu, Yinjin and Tian, Lei},
  journal={ACM Transactions on Storage (TOS)},
  volume={10},
  number={2},
  pages={6},
  year={2014},
  publisher={ACM}
}

@article{zhao2014liquid,
  title={Liquid: A scalable deduplication file system for virtual machine images},
  author={Zhao, Xun and Zhang, Yang and Wu, Yongwei and Chen, Kang and Jiang, Jinlei and Li, Keqin},
  journal={IEEE Transactions on Parallel and Distributed Systems},
  volume={25},
  number={5},
  pages={1257--1266},
  year={2014},
  publisher={IEEE}
}
@inproceedings{Araya:2018hxw,
      author         = "Araya, Mauricio and Pizarro, Leonardo and von Brand,
                        Horst",
      title          = "{Packaging and High Availability for Distributed Control
                        Systems}",
      booktitle      = "{Proceedings, 16th International Conference on
                        Accelerator and Large Experimental Physics Control Systems
                        (ICALEPCS 2017): Barcelona, Spain, October 8-13, 2017}",
      year           = "2018",
      url            = "http://inspirehep.net/record/1656380/files/thpha045.pdf",
      pages          = "THPHA045",
      doi            = "10.18429/JACoW-ICALEPCS2017-THPHA045",
      SLACcitation   = "%%CITATION = INSPIRE-1656380;%%"
}

@article{dappert2013describing,
  title={Describing and preserving digital object environments},
  author={Dappert, Angela and Peyrard, S{\'e}bastien and Chou, Carol CH and Delve, Janet},
  journal={New Review of Information Networking},
  volume={18},
  number={2},
  pages={106--173},
  year={2013},
  publisher={Taylor \& Francis}
}

@article{garijo2013quantifying,
  title={Quantifying reproducibility in computational biology: the case of the tuberculosis drugome},
  author={Garijo, Daniel and Kinnings, Sarah and Xie, Li and Xie, Lei and Zhang, Yinliang and Bourne, Philip E and Gil, Yolanda},
  journal={PloS one},
  volume={8},
  number={11},
  pages={e80278},
  year={2013},
  publisher={Public Library of Science}
}

@inproceedings{diaz17adass,
  title =  {Docker-based Implementation for an Astronomical Data Analysis Cloud Service},
  author = {MatÃ­as D\'iaz and Mauricio Araya and Carlos Jauregui and Camilo Valenzuela and Leonardo Pizarro and Maximiliano Osorio
and Mauricio Solar},
  publisher =  {ADASS},
  year =   2018,
  booktitle =  {XXVII Astronomical Data Analysis Software \& Systems},
  location =   {Santiago, Chile},
    note = {[To appear]}
}
@inproceedings{gangemi2002sweetening,
  title={Sweetening ontologies with DOLCE},
  author={Gangemi, Aldo and Guarino, Nicola and Masolo, Claudio and Oltramari, Alessandro and Schneider, Luc},
  booktitle={International Conference on Knowledge Engineering and Knowledge Management},
  pages={166--181},
  year={2002},
  organization={Springer}
}
@article{Osorio2018,
author = "Maximiliano Osorio, Carlos Buil, Hernan Vargas",
title = "{DockerPedia: a knowledge graph for Docker images}",
year = "2018",
month = "4",
url = "https://figshare.com/articles/DockerPedia_a_knowledge_graph_for_Docker_images/6108482",
doi = "10.6084/m9.figshare.6108482.v1"
}
@inproceedings{priyatna2014formalisation,
  title={{Formalisation and experiences of R2RML-based SPARQL to SQL query translation using MORPH}},
  author={Priyatna, Freddy and Corcho, Oscar and Sequeda, Juan},
  booktitle={Proceedings of the 23rd international conference on World wide web},
  pages={479--490},
  year={2014},
  organization={ACM}
}

@misc{das2012r2rml,
  title={R2rml: RDB to RDF mapping language. W3C RDB2RDF working group},
  author={Das, S and Sundara, S and Cyganiak, R},
  year={2012}
}

@article{di2015impact,
  title={The impact of Docker containers on the performance of genomic pipelines},
  author={Di Tommaso, Paolo and Palumbo, Emilio and Chatzou, Maria and Prieto, Pablo and Heuer, Michael L and Notredame, Cedric},
  journal={PeerJ},
  volume={3},
  pages={e1273},
  year={2015},
  publisher={PeerJ Inc.}
}
@article{hung2016guidock,
  title={GUIdock: using Docker containers with a common graphics user interface to address the reproducibility of research},
  author={Hung, Ling-Hong and Kristiyanto, Daniel and Lee, Sung Bong and Yeung, Ka Yee},
  journal={PloS one},
  volume={11},
  number={4},
  pages={e0152686},
  year={2016},
  publisher={Public Library of Science}
}
@inproceedings{cito2016using,
  title={Using Docker containers to improve reproducibility in software and web engineering research},
  author={Cito, J{\"u}rgen and Ferme, Vincenzo and Gall, Harald C},
  booktitle={International Conference on Web Engineering},
  pages={609--612},
  year={2016},
  organization={Springer}
}



@article{belhajjame2015using,
  title={Using a suite of ontologies for preserving workflow-centric research objects},
  author={Belhajjame, Khalid and Zhao, Jun and Garijo, Daniel and Gamble, Matthew and Hettne, Kristina and Palma, Raul and Mina, Eleni and Corcho, Oscar and G{\'o}mez-P{\'e}rez, Jos{\'e} Manuel and Bechhofer, Sean and others},
  journal={Web Semantics: Science, Services and Agents on the World Wide Web},
  volume={32},
  pages={16--42},
  year={2015},
  publisher={Elsevier}
}

@article{marwick2017computational,
  title={Computational reproducibility in archaeological research: basic principles and a case study of their implementation},
  author={Marwick, Ben},
  journal={Journal of Archaeological Method and Theory},
  volume={24},
  number={2},
  pages={424--450},
  year={2017},
  publisher={Springer}
}

@article{shadbolt2012linked,
  title={Linked open government data: Lessons from data. gov. uk},
  author={Shadbolt, Nigel and O'Hara, Kieron and Berners-Lee, Tim and Gibbins, Nicholas and Glaser, Hugh and Hall, Wendy and others},
  journal={IEEE Intelligent Systems},
  volume={27},
  number={3},
  pages={16--24},
  year={2012}
}
@article{santana2017reproducibility,
  title={Reproducibility of execution environments in computational science using Semantics and Clouds},
  author={Santana-Perez, Idafen and da Silva, Rafael Ferreira and Rynge, Mats and Deelman, Ewa and P{\'e}rez-Hern{\'a}ndez, Mar{\'\i}a S and Corcho, Oscar},
  journal={Future Generation Computer Systems},
  volume={67},
  pages={354--367},
  year={2017},
  publisher={Elsevier}
}

@article{santana2015towards,
  title={Towards reproducibility in scientific workflows: An infrastructure-based approach},
  author={Santana-Perez, Idafen and P{\'e}rez-Hern{\'a}ndez, Mar{\'\i}a S},
  journal={Scientific Programming},
  volume={2015},
  year={2015},
  publisher={Hindawi}
}
@article{berners2010your,
  title={Is your linked open data 5 star},
  author={Berners-Lee, Tim},
  journal={Rep{\'e}r{\'e} {\`a} https://www. w3. org/DesignIssues/LinkedData. html},
  year={2010}
}
@inproceedings{tommasini2017representing,
  title={{Representing dockerfiles in RDF}},
  author={Tommasini, Riccardo and De Meester, Ben and Heyvaert, Pieter and Verborgh, Ruben and Mannens, Erik and Della Valle, Emanuele},
  booktitle={ISWC2017, the 16e International Semantic Web Conference},
  volume={1931},
  pages={1--4},
  year={2017}
}

@inproceedings{huo2015smart,
  title={Smart Container: an Ontology Towards Conceptualizing Docker.},
  author={Huo, Da and Nabrzyski, Jaroslaw and Vardeman, Charles},
  booktitle={International Semantic Web Conference (Posters \& Demos)},
  year={2015}
}

@article{martin2018docker,
  title={Docker ecosystem--Vulnerability Analysis},
  author={Martin, A and Raponi, S and Combe, T and Di Pietro, R},
  journal={Computer Communications},
  year={2018},
  publisher={Elsevier}
}

@inproceedings{Shu:2017:SSV:3029806.3029832:DockerHub:Security,
 author = {Shu, Rui and Gu, Xiaohui and Enck, William},
 title = {{A Study of Security Vulnerabilities on Docker Hub}},
 booktitle = {Proceedings of the Seventh ACM on Conference on Data and Application Security and Privacy},
 series = {CODASPY '17},
 year = {2017},
 isbn = {978-1-4503-4523-1},
 location = {Scottsdale, Arizona, USA},
 pages = {269--280},
 numpages = {12},
 url = {http://doi.acm.org/10.1145/3029806.3029832},
 doi = {10.1145/3029806.3029832},
 acmid = {3029832},
 publisher = {ACM},
 address = {New York, NY, USA},
 keywords = {docker images, security vulnerabilities, vulnerability propagation},
} 

@article{shadbolt2012linked,
  title={Linked open government data: Lessons from data. gov. uk},
  author={Shadbolt, Nigel and O'Hara, Kieron and Berners-Lee, Tim and Gibbins, Nicholas and Glaser, Hugh and Hall, Wendy and others},
  journal={IEEE Intelligent Systems},
  volume={27},
  number={3},
  pages={16--24},
  year={2012}
}

@inproceedings{Auer07dbpedia,
    author = {S\"oren Auer and Christian Bizer and Georgi Kobilarov and Jens Lehmann and Zachary Ives},
    title = {{DBpedia: A Nucleus for a Web of Open Data}},
    booktitle = {In 6th Intâl Semantic Web Conference, Busan, Korea},
    year = {2007},
    pages = {11--15},
    publisher = {Springer}
}

@inproceedings{sparqles,
  author    = {Carlos Buil-Aranda and
               Aidan Hogan and
               J{\"{u}}rgen Umbrich and
               Pierre{-}Yves Vandenbussche},
  title     = {{SPARQL} Web-Querying Infrastructure: Ready for Action?},
  booktitle = {ISWC},
  pages     = {277--293},
  year      = {2013},
  url       = {http://dx.doi.org/10.1007/978-3-642-41338-4_18},
  doi       = {10.1007/978-3-642-41338-4_18},
  timestamp = {Thu, 17 Oct 2013 16:01:16 +0200},
  biburl    = {http://dblp.uni-trier.de/rec/bib/conf/semweb/ArandaHUV13},
  bibsource = {dblp computer science bibliography, http://dblp.org}
}

@Article{taverna2,
author = {P. Li and J. Castrillo and G. Velarde and I. Wassink and S. Soiland-Reyes and S. Owen and D. Withers and T. Oinn and M. Pocock and C. Goble and S. Oliver and D. Kell},
title = {Performing statistical analyses on quantitative data in Taverna workflows: an example using R and maxdBrowse to identify differentially-expressed genes from microarray data},
journal = {BMC Bioinformatics},
year = {2008}
}


@article{taverna2006,
AUTHOR = {D. Hull and K. Wolstencroft and R. Stevens and C.A. Goble and M.R. Pocock and P. Li and T. Oinn},
TITLE = {Taverna: a tool for building and running workflows of services},
JOURNAL = {Nucleic Acids Research},
PAGES = {729-732},
YEAR = {2006}  
}


@inproceedings{AG08,
author = {R.~Angles and C.~Gutierrez.},
title = {The Expressive Power of SPARQL},
booktitle = {International Semantic Web Conference}, 
pages={114--129},
year = {2008}
}

@article{BSBM,
author="C. Bizer and A. Schultz",
title="The Berlin $\ql$ Benchmark",
year=2009,
journal="JInternational journal on Semantic Web and information systems",
pages="1--24"}

@misc{SPARQLDQP,
   Author = {C. Buil and O. Corcho.},
   Title = {Federating Queries to RDF repositories},
   Publisher = {Technical Report, 2010, http://oa.upm.es/3302/.},
         Year = {2009} }


@misc{IRI,
   Author = {M. Durst and M. Suignard},
   Title = {Rfc 3987, Internationalized Resource Identifiers (IRIs)},
   Publisher = {http://www.ietf.org/rfc/rfc3987.txt},
   Year = {2005}
 }

@inproceedings{HaaseBench,
 author = {Schmidt, Michael and G\"{o}rlitz, Olaf and Haase, Peter and Ladwig, G\"{u}nter and Schwarte, Andreas and Tran, Thanh},
 title = {FedBench: a benchmark suite for federated semantic data query processing},
 booktitle = {Proceedings of the 10th international conference on The semantic web - Volume Part I},
 series = {ISWC'11},
 year = {2011},
 isbn = {978-3-642-25072-9},
 location = {Bonn, Germany},
 pages = {585--600},
 numpages = {16},
 acmid = {2063054},
 publisher = {Springer-Verlag},
 address = {Berlin, Heidelberg}
}

@misc{SPARQL11,
   Author = {S.~Harris and A.~Seaborne},
   Title = {SPARQL 1.1 Query Language},
   Publisher = {W3C Working Draft 14 October 2010,
http://www.w3.org/TR/2010/WD-sparql11-query-20101014/},
   Year = {2010}
}

@misc{RDF,
   Author = {G.~Schreiber and Y.~Raimond},
   Title = {RDF 1.1 Primer},
   Publisher = {W3C Working Group Note 24 June 2014,
https://www.w3.org/TR/rdf11-primer/},
   Year = {2014}
}

@misc{SPARQL11entailment,
   Author = {B.~Glimm and C.~Ogbuji},
   Title = {SPARQL 1.1 Entailment Regimes},
   Publisher = {W3C Working Draft 14 October 2010,
http://www.w3.org/TR/2010/WD-sparql11-entailment-20101014/},
   Year = {2010}
}

@misc{SPARQLprot,
    title = {{SPARQL} Protocol for {RDF}},
    author = {K. G. Clark and L. Feigenbaum and E. Torres},
    Note = {W3C Recommendation, http://www.w3.org/TR/rdf-sparql-protocol/},
        day = 15,
        month = jan,
    year = 2008
}
@misc{P10,
   Author = {E.~Prud'hommeaux and C. Buil-Aranda},
   Title = {SPARQL 1.1 Federated Query},
   Publisher = {W3C Working Draft, http://www.w3.org/TR/sparql11-federated-query/}, 
   Year = {2011},
   Month = Nov,
   Day = {17}
}

@misc{SPARQL,
   Author = {E.~Prud'hommeaux and A.~Seaborne},
   Title = {{SPARQL} query language for {RDF}},
   Publisher = {{W3C} Recommendation,
http://www.w3.org/TR/rdf-sparql-query/},
   Year = {2008},
   Month = {January},
   Day = {15} 
}

@article{PAG09,
 author = {P{\'e}rez, Jorge and Arenas, Marcelo and Gutierrez, Claudio},
 title = {Semantics and complexity of SPARQL},
 journal = {ACM Trans. Database Syst.},
 issue_date = {August 2009},
 volume = {34},
 number = {3},
 month = sep,
 year = {2009},
 issn = {0362-5915},
 pages = {16:1--16:45},
 articleno = {16},
 numpages = {45},
 keywords = {Complexity, RDF, SPARQL, query language, semantic Web},
} 


@inproceedings{SML10,
author = {M. Schmidt and M. Meier and G. Lausen},
title = {Foundations of SPARQL query optimization},
booktitle = {ICDT}, 
pages = {4--33},
year = {2010}
}

@article{bizer_linked_2009,
  added-at = {2011-11-02T15:40:20.000+0100},
  author = {Bizer, C. and Heath, T. and {Berners-Lee}, T.},
  biburl = {https://www.bibsonomy.org/bibtex/25e13b99f0fe4d28c1261158410041c70/mgraube},
  interhash = {599c4dfb0c1625c0c4368a1ab8346646},
  intrahash = {5e13b99f0fe4d28c1261158410041c70},
  journal = {Int. J. Semantic Web Inf. Syst.},
  keywords = {},
  number = 3,
  pages = {1â22},
  timestamp = {2011-11-02T15:40:20.000+0100},
  title = {Linked data - the story so far},
  volume = 5,
  year = 2009
}

@inproceedings{barateiro2012digital,
  title={Digital preservation challenges on software life cycle},
  author={Barateiro, Jos{\'e} and Draws, Daniel and Neuman, Martin Alexander and Strodl, Stephan},
  booktitle={Software Maintenance and Reengineering (CSMR), 2012 16th European Conference on},
  pages={487--490},
  year={2012},
  organization={IEEE}
}
@misc{amstutz, title={Common Workflow Language, v1.0}, url={https://figshare.com/articles/Common_Workflow_Language_draft_3/3115156/2}, DOI={10.6084/m9.figshare.3115156.v2}, abstractNote={
The Common Workflow Language (CWL) is an informal, multi-vendor working group consisting of various organizations and individuals that have an interest in portability of data analysis workflows. Our goal is to create specifications that enable data scientists to describe analysis tools and workflows that are powerful, easy to use, portable, and support reproducibility.
CWL builds on technologies such as JSON-LD and Avro for data modeling and Docker for portable runtime environments. CWL is designed to express workflows for data-intensive science, such as Bioinformatics, Medical Imaging, Chemistry, Physics, and Astronomy.
This is v1.0 of the CWL tool and workflow specification, released on 2016-07-08.
The specification, in HTML format, is in the draft-3/docs folder.
}, publisher={figshare}, author={Amstutz, Peter and Crusoe, Michael R. and Tijanić, Nebojša and Chapman, Brad and Chilton, John and Heuer, Michael and Kartashov, Andrey and Leehr, Dan and Ménager, Hervé and Nedeljkovich, Maya and et al.}, year={2016}, month={Jul}}


@proceedings{DBLP:conf/tapp/2013,
  editor    = {Alexandra Meliou and
               Val Tannen},
  title     = {5th Workshop on the Theory and Practice of Provenance, TaPP'13, Lombard,
               IL, USA, April 2-3, 2013},
  publisher = {{USENIX} Association},
  year      = {2013},
  url       = {https://www.usenix.org/conference/tapp13},
  timestamp = {Wed, 04 Jul 2018 13:06:34 +0200},
  biburl    = {https://dblp.org/rec/bib/conf/tapp/2013},
  bibsource = {dblp computer science bibliography, https://dblp.org}
}

@proceedings{DBLP:conf/semweb/2018semsci,
  editor    = {Daniel Garijo and
               Natalia Villanueva{-}Rosales and
               Tobias Kuhn and
               Tomi Kauppinen and
               Michel Dumontier},
  title     = {Proceedings of the Second Workshop on Enabling Open Semantic Science
               co-located with 17th International Semantic Web Conference, SemSci@ISWC
               2018, Monterey, California, USA, October 8-12th, 2018},
  series    = {{CEUR} Workshop Proceedings},
  volume    = {2184},
  publisher = {CEUR-WS.org},
  year      = {2018},
  url       = {http://ceur-ws.org/Vol-2184},
  urn       = {urn:nbn:de:0074-2184-8},
  timestamp = {Mon, 03 Sep 2018 18:25:18 +0200},
  biburl    = {https://dblp.org/rec/bib/conf/semweb/2018semsci},
  bibsource = {dblp computer science bibliography, https://dblp.org}
}
